@manual{V406,
  author = {TU Dortmund},
  title = {V406 - Beugung am Spalt},
  year = 2019
}
